@book{Beitler.2002,
 author = {Beitler, Matthew T.},
 year = {2002},
 title = {Proceedings, Web3D 2002 Symposium: 7th International Conference on 3D Web Technology ; Tempe, Arizona, USA, February 24-28, 2002},
 keywords = {arbitrary topology;Dreidimensionale Computergraphik;environnement virtuel;graphique 3D;Imagerie tridimensionnelle;infographie;Intel Pentium;interface graphique;Kongress;multim{\'e}dia;r{\'e}alit{\'e} virtuelle;Sites Web;Subdivision;Subdivision, arbitrary topology, Intel Pentium;Three-dimensional display systems;Virtual reality;VRML;VRML (Computer program language);VRML (langage de programmation);World Wide Web},
 address = {New York, N.Y.},
 urldate = {2015-07-24},
 publisher = {{Association for Computing Machinery}}
}


@online{CGAL.24.07.2015,
 title = {CGAL 4.6.1 - Surface Mesh: User Manual},
 url = {http://doc.cgal.org/latest/Surface_mesh/index.html},
 urldate = {2015-07-24}
}


@article{JanMobiusMichaelKremerLeifKobbelt.,
 author = {{Jan M{\"o}bius, Michael Kremer, Leif Kobbelt}},
 title = {OpenFlipper - A Highly Modular Framework for Processing and Visualization of Complex Geometric Models},
 urldate = {2015-07-24}
}


@online{JasonLawrence.24.07.2015,
 author = {{Jason Lawrence}},
 title = {Subdivision Surfaces},
 url = {http://www.cs.virginia.edu/~gfx/Courses/2010/IntroGraphics/Lectures/20-SubdivisionSurfaces.pdf},
 urldate = {2015-07-24}
}


@book{JoeWarren.2001,
 author = {{Joe Warren}, Henrik Weimer},
 year = {2001},
 title = {Subdivision Methods for Geometric Design: A Constructive Approach},
 keywords = {ISBN-13: 9781558604469},
 urldate = {2015-07-24},
 edition = {1st},
 publisher = {{Morgan Kaufmann Publishers Inc.}},
 isbn = {1558604464}
}


@article{JosStam.24.07.2015,
 author = {{Jos Stam}},
 title = {Evaluation of Loop Subdivision Surfaces},
 urldate = {2015-07-24}
}


@online{LIBQGL.10.07.2015,
 year = {2015-07-10},
 title = {libQGLViewer},
 url = {http://libqglviewer.com/},
 urldate = {2015-07-24}
}


@online{OpenGP.16.09.2014,
 year = {2014-09-16},
 title = {OpenGP: Surface{\_}mesh Tutorial},
 url = {http://opengp.github.io/tutorial.html},
 urldate = {2015-07-24}
}


@incollection{Peters.Joerg,
 author = {Peters, J{\"o}rg},
 title = {Patching Catmull-Clark meshes},
 urldate = {2015-07-24},
 pages = {255--258},
 doi = {10.1145/344779.344908}
}

@inproceedings{Sieger.,
	author = {D. Sieger and M. Botsch},
	booktitle = {Proceedings of the 20th International Meshing Roundtable},
	title = {Design, Implementation, and Evaluation of the \texttt{Surface\_mesh} data structure},
	year = {2011},
	pages = {533--550}
}


@article{Stam.24.07.2015,
 author = {Stam, Jos},
 title = {Exact Evaluation Of Catmull-Clark Subdivision Surfaces At Arbitrary Parameter Values},
 urldate = {2015-07-24}
}

@online{OpenGP.24.07.2015,
 author = {Open Geometry Processing Library},
 title = {Open Geometry Processing Library - Surface Mesh Tutorial},
 url = {http://opengp.github.io/tutorial.html},
 urldate = {2015-07-24}
}

@online{Standford.24.07.2015,
 author = {Standford},
 title = {Subdivision Surfaces},
 url = {http://graphics.stanford.edu/courses/cs468-10-fall/LectureSlides/10_Subdivision.pdf},
 urldate = {2015-07-24}
}

@online{Pixar.27.07.2015,
 author = {Pixar},
 title = {OpenSubdiv},
 url = {http://graphics.pixar.com/opensubdiv/docs/intro.html},
 urldate = {2015-07-27}
}

@online{CGoGN.27.07.2015,
 author = {CGoGN},
 title = {n-dimensional meshes with combinatorial mpas},
 url = {http://cgogn.unistra.fr/},
 urldate = {2015-07-27}
}

@online{CGAL.27.07.2015,
 author = {CGAL},
 title = {The Computational Geometry Algorithms Library},
 url = {http://doc.cgal.org/latest/Manual/index.html},
 urldate = {2015-07-27}
}

@online{Peters.bview.27.07.2015,
 author = {Peters, J{\"o}rg},
 title = {BezierView},
 url = {http://www.cise.ufl.edu/research/SurfLab/bview/},
 urldate = {2015-07-27}
}

@ARTICLE{niessner2012feature,
  title={Feature-adaptive GPU rendering of Catmull-Clark subdivision surfaces},
  author={Nie{\ss}ner, M. and Loop, C. and Meyer, M. and DeRose, T.},
  journal={ACM Transactions on Graphics (TOG)},
  volume={31},
  number={1},
  pages={6},
  year={2012},
  publisher={ACM}
}

@online{QtCreator,
	author = {The Qt Company},
	title = {Qt - The IDE},
	url = {http://www.qt.io/ide/},
	urldate = {2015-08-10}
}


@online{Qt,
	author = {The Qt Company},
	title = {Qt - Home},
	url = {http://www.qt.io},
	urldate = {2015-08-10}
}

@online{libQGLViewer,
	title = {libQGLViewer},
	url = {http://libqglviewer.com},
	urldate = {2015-08-10}
}

@online{Doxygen,
	author = {Dimitri van Heesch},
	title = {Doxygen: Main Page},
	url = {http://doxygen.org},
	urldate = {2015-08-11}
}