% This file was created with Citavi 5.0.0.8

@book{Beitler.2002,
 author = {Beitler, Matthew T.},
 year = {2002},
 title = {Proceedings, Web3D 2002 Symposium: 7th International Conference on 3D Web Technology ; Tempe, Arizona, USA, February 24-28, 2002},
 keywords = {arbitrary topology;Dreidimensionale Computergraphik;environnement virtuel;graphique 3D;Imagerie tridimensionnelle;infographie;Intel Pentium;interface graphique;Kongress;multim{\'e}dia;r{\'e}alit{\'e} virtuelle;Sites Web;Subdivision;Subdivision, arbitrary topology, Intel Pentium;Three-dimensional display systems;Virtual reality;VRML;VRML (Computer program language);VRML (langage de programmation);World Wide Web},
 address = {New York, N.Y.},
 urldate = {24.07.2015},
 publisher = {{Association for Computing Machinery}}
}


@misc{CGAL.24.07.2015,
 title = {CGAL 4.6.1 - Surface Mesh: User Manual},
 url = {http://doc.cgal.org/latest/Surface_mesh/index.html},
 urldate = {24.07.2015}
}


@article{JanMobiusMichaelKremerLeifKobbelt.,
 author = {{Jan M{\"o}bius, Michael Kremer, Leif Kobbelt}},
 title = {OpenFlipper - A Highly Modular Framework for Processing and Visualization of Complex Geometric Models},
 urldate = {24.07.2015}
}


@misc{JasonLawrence.24.07.2015,
 author = {{Jason Lawrence}},
 title = {Subdivision Surfaces},
 url = {http://www.cs.virginia.edu/~gfx/Courses/2010/IntroGraphics/Lectures/20-SubdivisionSurfaces.pdf},
 urldate = {24.07.2015}
}


@book{JoeWarren.2001,
 author = {{Joe Warren}, Henrik Weimer},
 year = {2001},
 title = {Subdivision Methods for Geometric Design: A Constructive Approach},
 keywords = {ISBN-13: 9781558604469},
 urldate = {24.07.2015},
 edition = {1st},
 publisher = {{Morgan Kaufmann Publishers Inc.}},
 isbn = {1558604464}
}


@article{JosStam.24.07.2015,
 author = {{Jos Stam}},
 title = {Evaluation of Loop Subdivision Surfaces},
 urldate = {24.07.2015}
}


@misc{LIBQGL.10.07.2015,
 year = {10.07.2015},
 title = {libQGLViewer},
 url = {http://libqglviewer.com/},
 urldate = {24.07.2015}
}


@misc{OpenGP.16.09.2014,
 year = {16.09.2014},
 title = {OpenGP: Surface{\_}mesh Tutorial},
 url = {http://opengp.github.io/tutorial.html},
 urldate = {24.07.2015}
}


@incollection{Peters.Joerg,
 author = {Peters, J{\"o}rg},
 title = {Patching Catmull-Clark meshes},
 urldate = {24.07.2015},
 pages = {255--258},
 doi = {10.1145/344779.344908}
}


@incollection{Sieger.,
 author = {Sieger, Daniel and Botsch, Mario},
 title = {Design, Implementation, and Evaluation of the Surface{\_}mesh Data Structure},
 urldate = {24.07.2015},
 pages = {533--550},
 doi = {10.1007/978-3-642-24734-7{\textunderscore }29}
}


@article{Stam.24.07.2015,
 author = {Stam, Jos},
 title = {Exact Evaluation Of Catmull-Clark Subdivision Surfaces At Arbitrary Parameter Values},
 urldate = {24.07.2015}
}

@misc{OpenGP.24.07.2015,
 year = {24.07.2015},
 author = {Open Geometry Processing Library},
 title = {Open Geometry Processing Library - Surface Mesh Tutorial},
 url = {http://opengp.github.io/tutorial.html},
 urldate = {24.07.2015}
}

@misc{Standford.24.07.2015,
 year = {24.07.2015},
 author = {Standford},
 title = {Subdivision Surfaces},
 url = {http://graphics.stanford.edu/courses/cs468-10-fall/LectureSlides/10_Subdivision.pdf},
 urldate = {24.07.2015}
}

@misc{Pixar.27.07.2015,
 year = {27.07.2015},
 author = {Pixar},
 title = {OpenSubdiv},
 url = {http://graphics.pixar.com/opensubdiv/docs/intro.html},
 urldate = {27.07.2015}
}

@misc{CGoGN.27.07.2015,
 year = {27.07.2015},
 author = {David Cazier, Alexandre Hurstel, Thomas Jund, Pierre Kraemer, Basile Sauvage, Etienne Schmitt, Sylvain Thery, Lionel Untereiner, Kenneth Vanhoey},
 title = {CGoGn - n-dimensional meshes with combinatorial mpas},
 url = {http://cgogn.unistra.fr/},
 urldate = {27.07.2015}
}

@misc{CGAL.27.07.2015,
 year = {27.07.2015},
 author = {CGAL},
 title = {The Computational Geometry Algorithms Library},
 url = {http://doc.cgal.org/latest/Manual/index.html},
 urldate = {27.07.2015}
}

@misc{Peters.bview.27.07.2015,
 year = {27.07.2015},
 author = {Peters, J{\"o}rg},
 title = {BezierView},
 url = {http://www.cise.ufl.edu/research/SurfLab/bview/},
 urldate = {27.07.2015}
}