
@book{Warren:2001:SMG:580358,
 author = {Warren, Joe and Weimer, Henrik},
 title = {Subdivision Methods for Geometric Design: A Constructive Approach},
 year = {2001},
 isbn = {1558604464},
 edition = {1st},
 publisher = {Morgan Kaufmann Publishers Inc.},
 address = {San Francisco, CA, USA},
} 
